<record><leader>00000cas a2200000 a 4500</leader><controlfield tag="001">6189093</controlfield><controlfield tag="008">800410u19uuuuuusduwr ne      0    0eng c</controlfield><datafield ind1=" " ind2=" " tag="010"><subfield code="a">sn 94050913 </subfield></datafield><datafield ind1=" " ind2=" " tag="040"><subfield code="a">GZN</subfield><subfield code="b">eng</subfield><subfield code="c">GZN</subfield><subfield code="d">ANU</subfield><subfield code="d">CVF</subfield><subfield code="d">OCLCQ</subfield><subfield code="d">OCLCO</subfield></datafield><datafield ind1="1" ind2=" " tag="029"><subfield code="a">AU@</subfield><subfield code="b">000021574370</subfield></datafield><datafield ind1=" " ind2=" " tag="042"><subfield code="a">pcc</subfield></datafield><datafield ind1=" " ind2=" " tag="043"><subfield code="a">n-us-sd</subfield><subfield code="a">n-us-nd</subfield></datafield><datafield ind1="0" ind2="0" tag="245"><subfield code="a">Sota iya ye yapi.</subfield></datafield><datafield ind1=" " ind2=" " tag="260"><subfield code="a">[Agency Village, S.D. :</subfield><subfield code="b">Sisseton-Wahpeton Sioux Tribe of the Lake Traverse Reservation]</subfield></datafield><datafield ind1=" " ind2=" " tag="300"><subfield code="a">v. :</subfield><subfield code="b">ill.</subfield></datafield><datafield ind1=" " ind2=" " tag="310"><subfield code="a">Weekly</subfield></datafield><datafield ind1=" " ind2=" " tag="500"><subfield code="a">Possibly published as a supplement to: Sisseton courier.</subfield></datafield><datafield ind1=" " ind2=" " tag="588"><subfield code="a">Description based on: Vol. 7, issue no. 28 (June 14, 1984).</subfield></datafield><datafield ind1="2" ind2="0" tag="610"><subfield code="a">Sisseton-Wahpeton Sioux Tribe</subfield><subfield code="v">Newspapers.</subfield></datafield><datafield ind1=" " ind2="0" tag="650"><subfield code="a">Indians of North America</subfield><subfield code="z">South Dakota</subfield><subfield code="v">Newspapers.</subfield></datafield><datafield ind1=" " ind2="0" tag="650"><subfield code="a">Siouan Indian</subfield><subfield code="v">Newspapers.</subfield></datafield><datafield ind1=" " ind2="0" tag="650"><subfield code="a">Dakota Indians</subfield><subfield code="v">Newspapers.</subfield></datafield><datafield ind1=" " ind2="0" tag="651"><subfield code="a">Lake Traverse Indian Reservation (N.D. and S.D.)</subfield><subfield code="v">Newspapers.</subfield></datafield><datafield ind1="1" ind2=" " tag="710"><subfield code="a">Sisseton-Wahpeton Sioux Tribe of the Lake Traverse Reservation.</subfield></datafield><datafield ind1=" " ind2=" " tag="752"><subfield code="a">United States</subfield><subfield code="b">South Dakota</subfield><subfield code="c">Roberts</subfield><subfield code="d">Agency Village.</subfield></datafield></record>